@techreport{Collaboration:2285585,
      author        = "Collaboration, ATLAS",
      title         = "{Technical Design Report for the ATLAS Inner Tracker Pixel
                       Detector}",
      institution   = "CERN",
      address       = "Geneva",
      number        = "CERN-LHCC-2017-021. ATLAS-TDR-030",
      month         = "Sep",
      year          = "2017",
      reportNumber  = "CERN-LHCC-2017-021",
      url           = "https://cds.cern.ch/record/2285585",
}