@book{SMSze,
      author        = "S.M.Sze",
      title         = "{SEMICONDUCTOR DEVICES Physics and Technology 2nd Edition}",
      publisher = "産業図書株式会社",
      month         = "Mar",
      year          = "2015",
}